<?xml version="1.0" encoding="UTF-8"?><collection xmlns="http://www.loc.gov/MARC21/slim"><record><leader>00390nam--2200133-i-4500</leader><controlfield tag="001">000043206</controlfield><controlfield tag="002">20161230</controlfield><controlfield tag="005">20161230201043</controlfield><controlfield tag="008">060222s1000------------r-----000-0-eng-d</controlfield><datafield ind1=" " ind2=" " tag="080"><subfield code="a">543.08</subfield></datafield><datafield ind1=" " ind2=" " tag="100"><subfield code="a">Strobel, Howard A</subfield></datafield><datafield ind1=" " ind2=" " tag="245"><subfield code="a">Chemical instrumentation. a systematic approach to instrumental analysis</subfield></datafield><datafield ind1=" " ind2=" " tag="260"><subfield code="a">Reading/Mass., Addison-wesley Publ.Co., 1960, Xviii+653p</subfield></datafield><datafield ind1=" " ind2=" " tag="852"><subfield code="a">12007</subfield></datafield></record></collection>